@Misc{Simek2022,
    author = {Ing. Václav ŠIMEK},
	title = {Pár slov k projektům… IMP – projekt „Světelná tabule“},
	howpublished = {[online]},
	year = {rev. 27.10.2022},
	note = {[vid. 2022-12-14]},
	url = {https://www.fit.vutbr.cz/~simekv/IMP_projekt_svetelna_tabule.pdf},
}

@Misc{SimekKod2022,
    author = {Ing. Václav ŠIMEK},
	title = {IMP projekt had tabule test},
	howpublished = {[online]},
	year = {rev. 2022},
	note = {[vid. 2022-12-14]},
	url = {https://www.fit.vutbr.cz/~simekv/IMP_projekt_had_tabule_test.zip},
}